

@inproceedings{yao-2018,
 author = {Yao, Ziyu and Weld, Daniel S. and Chen, Wei-Peng and Sun, Huan},
 title = {StaQC: A Systematically Mined Question-Code Dataset from Stack Overflow},
 booktitle = {Proceedings of the 2018 World Wide Web Conference},
 series = {WWW '18},
 year = {2018},
 isbn = {978-1-4503-5639-8},
 location = {Lyon, France},
 pages = {1693--1703},
 numpages = {11},
 url = {https://doi.org/10.1145/3178876.3186081},
 doi = {10.1145/3178876.3186081},
 acmid = {3186081},
 publisher = {International World Wide Web Conferences Steering Committee},
 address = {Republic and Canton of Geneva, Switzerland},
 keywords = {deep neural networks, natural language question answering, question-code pairs, stack overflow},
}

@INPROCEEDINGS{feng-2015, 
author={M. {Feng} and B. {Xiang} and M. R. {Glass} and L. {Wang} and B. {Zhou}}, 
booktitle={2015 IEEE Workshop on Automatic Speech Recognition and Understanding (ASRU)}, 
title={Applying deep learning to answer selection: A study and an open task}, 
year={2015}, 
volume={}, 
number={}, 
pages={813-820}, 
keywords={learning (artificial intelligence);question answering (information retrieval);deep learning;nonfactoid question answering task;QA corpus;QA task;insurance domain;Computer architecture;Machine learning;Knowledge discovery;Training;Convolution;Measurement;Insurance;Answer Selection;Question Answering;Convolutional Neural Network (CNN);Deep Learning;Spoken Question Answering System}, 
doi={10.1109/ASRU.2015.7404872}, 
ISSN={}, 
month={Dec},}

@online{sof-2019,
  author = {Stack Exchange, Inc.},
  title = {Stack Exchange Data Dump},
  year = 2019,
  url = {https://archive.org/details/stackexchange},
  urldate = {2019-05-13}
}

@online{bigquery-2019,
  author = {Google},
  title = {Google Cloud BigQuery},
  year = 2019,
  url = {https://cloud.google.com/bigquery/},
  urldate = {2019-05-13}
}

@online{stackoverflow-questions-topics-2019,
  author = {stackoverflow},
  title = {What topics can I ask about here?},
  year = 2019,
  url = {https://stackoverflow.com/help/on-topic},
  urldate = {2019-05-13}
}
